@book{borda2011fundamentals,
  title={Fundamentals in Information Theory and Coding},
  author={Borda, M.},
  isbn={9783642203473},
  lccn={2011925863},
  url={http://books.google.ca/books?id=Lyte2yl1SPAC},
  year={2011},
  publisher={Springer}
}
