@book{yan2012computational,
  title={Computational Number Theory and Modern Cryptography},
  author={Yan, S.Y.},
  isbn={9781118188590},
  lccn={2012042256},
  series={Wiley-HEP information security series},
  url={http://books.google.hr/books?id=d\_Y3IxG\_wMkC},
  year={2012},
  publisher={Wiley}
}
