@article{DESDNA,
    abstract = {{this paper we consider the so called plaintext-ciphertext attack. Here the cryptanalyst obtains a plaintext and its corresponding ciphertext and wishes to determine the key used to perform the encryption. The most naive approach to this problem is to try all 2}},
    author = {Adleman, Leonard M. and Rothemund, Paul W. K. and Roweis, Sam},
    citeulike-article-id = {4363988},
    keywords = {computation, data, encryption, molecular},
    title = {{On Applying Molecular Computation To The Data Encryption Standard}},
    year={1999},
    journal = {Journal of Computational Biology},
    volume={6},
    number = {1},
    pages = {53--63},
}

