@article{Lipton,
    author = {Lipton, R. J.},
    journal = {Science},
    keywords = {computing, dna, np, review},
    month = apr,
    number = {5210},
    pages = {542--545},
    pmid = {7725098},
    posted-at = {2010-07-19 11:53:29},
    priority = {2},
    title = {{DNA solution of hard computational problems}},
    url = {http://dx.doi.org/10.1126/science.7725098},
    volume = {268},
    year = {1995}
}

