@book{HromkovicAHP,
 author = {Hromkovic, Juraj and Oliva, Waldyr M.},
 title = {Algorithmics for Hard Problems},
 year = {2002},
 isbn = {3540441344},
 edition = {2nd},
 publisher = {Springer-Verlag New York, Inc.},
 address = {Secaucus, NJ, USA},
} 